@misc{zhao2023provable,
      title={Provable Robust Watermarking for AI-Generated Text}, 
      author={Xuandong Zhao and Prabhanjan Ananth and Lei Li and Yu-Xiang Wang},
      year={2023},
      eprint={2306.17439},
      archivePrefix={arXiv},
      primaryClass={cs.CL}
}
@misc{krishna2023paraphrasing,
      title={Paraphrasing evades detectors of AI-generated text, but retrieval is an effective defense}, 
      author={Kalpesh Krishna and Yixiao Song and Marzena Karpinska and John Wieting and Mohit Iyyer},
      year={2023},
      eprint={2303.13408},
      archivePrefix={arXiv},
      primaryClass={cs.CL}
}
@misc{yang2023dnagpt,
      title={DNA-GPT: Divergent N-Gram Analysis for Training-Free Detection of GPT-Generated Text}, 
      author={Xianjun Yang and Wei Cheng and Yue Wu and Linda Petzold and William Yang Wang and Haifeng Chen},
      year={2023},
      eprint={2305.17359},
      archivePrefix={arXiv},
      primaryClass={cs.CL}
}
@misc{vaswani2023attention,
      title={Attention Is All You Need}, 
      author={Ashish Vaswani and Noam Shazeer and Niki Parmar and Jakob Uszkoreit and Llion Jones and Aidan N. Gomez and Lukasz Kaiser and Illia Polosukhin},
      year={2023},
      eprint={1706.03762},
      archivePrefix={arXiv},
      primaryClass={cs.CL}
}
@misc{ChatGPT,
  author = {OpenAI},
  title = {ChatGPT},
  year = {2022},
  note = {Software available from OpenAI},
  url = {https://openai.com/chatgpt}
}
@misc{FAISS,
      title={Billion-scale similarity search with GPUs}, 
      author={Jeff Johnson and Matthijs Douze and Hervé Jégou},
      year={2017},
      eprint={1702.08734},
      archivePrefix={arXiv},
      primaryClass={cs.CV}
}
@misc{NSLM,
      title={Non-Metric Space Library Manual}, 
      author={Bilegsaikhan Naidan and Leonid Boytsov and Yury Malkov and David Novak},
      year={2019},
      eprint={1508.05470},
      archivePrefix={arXiv},
      primaryClass={cs.MS}
}
@misc{kim2017structured,
      title={Structured Attention Networks}, 
      author={Yoon Kim and Carl Denton and Luong Hoang and Alexander M. Rush},
      year={2017},
      eprint={1702.00887},
      archivePrefix={arXiv},
      primaryClass={cs.CL}
}
@misc{bahdanau2016neural,
      title={Neural Machine Translation by Jointly Learning to Align and Translate}, 
      author={Dzmitry Bahdanau and Kyunghyun Cho and Yoshua Bengio},
      year={2016},
      eprint={1409.0473},
      archivePrefix={arXiv},
      primaryClass={cs.CL}
}
@misc{sentencebert,
      title={Sentence-BERT: Sentence Embeddings using Siamese BERT-Networks}, 
      author={Nils Reimers and Iryna Gurevych},
      year={2019},
      eprint={1908.10084},
      archivePrefix={arXiv},
      primaryClass={cs.CL}
}
@inproceedings{
clustersmanifolds,
title={Isotropy in the Contextual Embedding Space: Clusters and Manifolds},
author={Xingyu Cai and Jiaji Huang and Yuchen Bian and Kenneth Church},
booktitle={International Conference on Learning Representations},
year={2021},
url={https://openreview.net/forum?id=xYGNO86OWDH}
}
@misc{rajaee2021clusterbased,
      title={A Cluster-based Approach for Improving Isotropy in Contextual Embedding Space}, 
      author={Sara Rajaee and Mohammad Taher Pilehvar},
      year={2021},
      eprint={2106.01183},
      archivePrefix={arXiv},
      primaryClass={cs.CL}
}
@misc{ethayarajh2019contextual,
      title={How Contextual are Contextualized Word Representations? Comparing the Geometry of BERT, ELMo, and GPT-2 Embeddings}, 
      author={Kawin Ethayarajh},
      year={2019},
      eprint={1909.00512},
      archivePrefix={arXiv},
      primaryClass={cs.CL}
}
@misc{universal_sentence_encoder,
      title={Multilingual Universal Sentence Encoder for Semantic Retrieval}, 
      author={Yinfei Yang and Daniel Cer and Amin Ahmad and Mandy Guo and Jax Law and Noah Constant and Gustavo Hernandez Abrego and Steve Yuan and Chris Tar and Yun-Hsuan Sung and Brian Strope and Ray Kurzweil},
      year={2019},
      eprint={1907.04307},
      archivePrefix={arXiv},
      primaryClass={cs.CL}
}
@misc{wang2020minilm,
      title={MiniLM: Deep Self-Attention Distillation for Task-Agnostic Compression of Pre-Trained Transformers}, 
      author={Wenhui Wang and Furu Wei and Li Dong and Hangbo Bao and Nan Yang and Ming Zhou},
      year={2020},
      eprint={2002.10957},
      archivePrefix={arXiv},
      primaryClass={cs.CL}
}
@misc{devlin2019bert,
      title={BERT: Pre-training of Deep Bidirectional Transformers for Language Understanding}, 
      author={Jacob Devlin and Ming-Wei Chang and Kenton Lee and Kristina Toutanova},
      year={2019},
      eprint={1810.04805},
      archivePrefix={arXiv},
      primaryClass={cs.CL}
}
@misc{yang2020xlnet,
      title={XLNet: Generalized Autoregressive Pretraining for Language Understanding}, 
      author={Zhilin Yang and Zihang Dai and Yiming Yang and Jaime Carbonell and Ruslan Salakhutdinov and Quoc V. Le},
      year={2020},
      eprint={1906.08237},
      archivePrefix={arXiv},
      primaryClass={cs.CL}
}
@misc{song2020mpnet,
      title={MPNet: Masked and Permuted Pre-training for Language Understanding}, 
      author={Kaitao Song and Xu Tan and Tao Qin and Jianfeng Lu and Tie-Yan Liu},
      year={2020},
      eprint={2004.09297},
      archivePrefix={arXiv},
      primaryClass={cs.CL}
}
@misc{lample2019crosslingual,
      title={Cross-lingual Language Model Pretraining}, 
      author={Guillaume Lample and Alexis Conneau},
      year={2019},
      eprint={1901.07291},
      archivePrefix={arXiv},
      primaryClass={cs.CL}
}
@misc{labse,
      title={Language-agnostic BERT Sentence Embedding}, 
      author={Fangxiaoyu Feng and Yinfei Yang and Daniel Cer and Naveen Arivazhagan and Wei Wang},
      year={2022},
      eprint={2007.01852},
      archivePrefix={arXiv},
      primaryClass={cs.CL}
}
@misc{xlm-r,
      title={Unsupervised Cross-lingual Representation Learning at Scale}, 
      author={Alexis Conneau and Kartikay Khandelwal and Naman Goyal and Vishrav Chaudhary and Guillaume Wenzek and Francisco Guzmán and Edouard Grave and Myle Ott and Luke Zettlemoyer and Veselin Stoyanov},
      year={2020},
      eprint={1911.02116},
      archivePrefix={arXiv},
      primaryClass={cs.CL}
}
@inproceedings{pennington-etal-2014-glove,
    title = "{G}lo{V}e: Global Vectors for Word Representation",
    author = "Pennington, Jeffrey  and
      Socher, Richard  and
      Manning, Christopher",
    editor = "Moschitti, Alessandro  and
      Pang, Bo  and
      Daelemans, Walter",
    booktitle = "Proceedings of the 2014 Conference on Empirical Methods in Natural Language Processing ({EMNLP})",
    month = oct,
    year = "2014",
    address = "Doha, Qatar",
    publisher = "Association for Computational Linguistics",
    url = "https://aclanthology.org/D14-1162",
    doi = "10.3115/v1/D14-1162",
    pages = "1532--1543",
}
@misc{mikolov2013efficient,
      title={Efficient Estimation of Word Representations in Vector Space}, 
      author={Tomas Mikolov and Kai Chen and Greg Corrado and Jeffrey Dean},
      year={2013},
      eprint={1301.3781},
      archivePrefix={arXiv},
      primaryClass={cs.CL}
}
@misc{mikolov2013distributed,
      title={Distributed Representations of Words and Phrases and their Compositionality}, 
      author={Tomas Mikolov and Ilya Sutskever and Kai Chen and Greg Corrado and Jeffrey Dean},
      year={2013},
      eprint={1310.4546},
      archivePrefix={arXiv},
      primaryClass={cs.CL}
}
@misc{peters2018deepcontextualizedembeddings,
      title={Deep contextualized word representations}, 
      author={Matthew E. Peters and Mark Neumann and Mohit Iyyer and Matt Gardner and Christopher Clark and Kenton Lee and Luke Zettlemoyer},
      year={2018},
      eprint={1802.05365},
      archivePrefix={arXiv},
      primaryClass={cs.CL}
}
@misc{schuster2019crosslingualcontextualembeddings,
      title={Cross-Lingual Alignment of Contextual Word Embeddings, with Applications to Zero-shot Dependency Parsing}, 
      author={Tal Schuster and Ori Ram and Regina Barzilay and Amir Globerson},
      year={2019},
      eprint={1902.09492},
      archivePrefix={arXiv},
      primaryClass={cs.CL}
}
@article{yang2019paws,
  title={PAWS-X: A cross-lingual adversarial dataset for paraphrase identification},
  author={Yang, Yinfei and Zhang, Yuan and Tar, Chris and Baldridge, Jason},
  journal={arXiv preprint arXiv:1908.11828},
  year={2019}
}